@inproceedings{brown2005multi,
  title={Multi-image matching using multi-scale oriented patches},
  author={Brown, Matthew and Szeliski, Richard and Winder, Simon},
  booktitle={2005 IEEE Computer Society Conference on Computer Vision and Pattern Recognition (CVPR'05)},
  volume={1},
  pages={510--517},
  year={2005},
  organization={IEEE}
}
@inproceedings{harris1988combined,
  title={A combined corner and edge detector.},
  author={Harris, Christopher G and Stephens, Mike and others},
  booktitle={Alvey vision conference},
  volume={15},
  number={50},
  pages={10--5244},
  year={1988},
  organization={Citeseer}
}
@article{sift,
author = {Adel, Ebtsam and Elmogy, Mohammed and El-Bakry, Hazem},
year = {2014},
month = {08},
pages = {1-8},
title = {Image Stitching based on Feature Extraction Techniques: A Survey},
volume = {99},
journal = {International Journal of Computer Applications},
doi = {10.5120/17374-7818}
}